@article{koong2014user,
	title={A user authentication scheme using physiological and behavioral biometrics for multitouch devices},
	author={Koong, Chorng-Shiuh and Yang, Tzu-I and Tseng, Chien-Chao},
	journal={The Scientific World Journal},
	volume={2014},
	year={2014},
	publisher={Hindawi}
}

@misc{tenzer, title={Themenseite: Wearables}, url={https://de.statista.com/themen/3471/wearables/}, journal={de.statista.com}}

@inproceedings{SkullConduct,
author = {Schneegass, Stefan and Oualil, Youssef and Bulling, Andreas},
title = {SkullConduct: Biometric User Identification on Eyewear Computers Using Bone Conduction Through the Skull},
year = {2016},
isbn = {9781450333627},
publisher = {Association for Computing Machinery},
address = {New York, NY, USA},
url = {https://doi.org/10.1145/2858036.2858152},
doi = {10.1145/2858036.2858152},
booktitle = {Proceedings of the 2016 CHI Conference on Human Factors in Computing Systems},
pages = {1379–1384},
numpages = {6},
keywords = {bone conduction, user authentication, eyewear computer, user identification, Google glass},
location = {San Jose, California, USA},
series = {CHI ’16}
}
  
@book{jain2007handbook,
	title={Handbook of biometrics},
	author={Jain, Anil K and Flynn, Patrick and Ross, Arun A},
	year={2007},
	publisher={Springer Science \& Business Media}
}

@incollection{wayman2005introduction,
	title={An introduction to biometric authentication systems},
	author={Wayman, James and Jain, Anil and Maltoni, Davide and Maio, Dario},
	booktitle={Biometric Systems},
	pages={1--20},
	year={2005},
	publisher={Springer}
}

@article{faltaous2019vpid,
	title={VPID: Towards Vein Pattern Identification Using Thermal Imaging},
	author={Faltaous, Sarah and Liebers, Jonathan and Abdelrahman, Yomna and Alt, Florian and Schneegass, Stefan},
	journal={i-com},
	volume={18},
	number={3},
	pages={259--270},
	year={2019},
	publisher={De Gruyter Oldenbourg}
}

@inproceedings{delac2004survey,
	title={A survey of biometric recognition methods},
	author={Delac, Kresimir and Grgic, Mislav},
	booktitle={Proceedings. Elmar-2004. 46th International Symposium on Electronics in Marine},
	pages={184--193},
	year={2004},
	organization={IEEE}
}

@article{alsaadi2015physiological,
	title={Physiological biometric authentication systems, advantages, disadvantages and future development: a review},
	author={Alsaadi, Israa M},
	journal={international journal of scientific \& technology research},
	volume={4},
	number={12},
	pages={285--289},
	year={2015}
}

@article{yampolskiy2008behavioural,
	title={Behavioural biometrics: a survey and classification},
	author={Yampolskiy, Roman V and Govindaraju, Venu},
	journal={International Journal of Biometrics},
	volume={1},
	number={1},
	pages={81--113},
	year={2008},
	publisher={Inderscience Publishers}
}